INSERT INTO ORDERDETAILS (orderId, productId, quantity, totalPrice) VALUES
(670000001, 300004, 3, 1000),
(670000001, 200104, 2, 1000),
(670000002, 200041, 1, 1000),
(670000002, 400035, 2, 1000),
(670000003, 300035, 3, 1000),
(670000003, 200127, 1, 1000),
(670000004, 400047, 1, 1000),
(670000004, 300004, 1, 1000),
(670000005, 100174, 1, 1000),
(670000005, 200042, 1, 1000),
(670000006, 100116, 3, 1000),
(670000006, 200013, 3, 1000),
(670000007, 100079, 1, 1000),
(670000007, 400033, 1, 1000),
(670000008, 400035, 3, 1000),
(670000008, 400008, 1, 1000),
(670000009, 300002, 2, 1000),
(670000009, 200130, 3, 1000),
(670000010, 100244, 3, 1000),
(670000010, 100039, 3, 1000),
(670000011, 300044, 3, 1000),
(670000011, 100021, 1, 1000),
(670000012, 300014, 1, 1000),
(670000012, 400023, 1, 1000),
(670000013, 100072, 2, 1000),
(670000013, 200095, 3, 1000),
(670000014, 400030, 3, 1000),
(670000014, 400014, 3, 1000),
(670000015, 200097, 2, 1000),
(670000015, 300030, 2, 1000),
(670000016, 400012, 3, 1000),
(670000016, 300010, 3, 1000),
(670000017, 400022, 2, 1000),
(670000017, 200085, 1, 1000),
(670000018, 200015, 3, 1000),
(670000018, 400041, 1, 1000),
(670000019, 200098, 1, 1000),
(670000019, 200077, 3, 1000),
(670000020, 400050, 2, 1000),
(670000020, 300012, 1, 1000),
(670000021, 100249, 2, 1000),
(670000021, 200105, 1, 1000),
(670000022, 400008, 3, 1000),
(670000022, 400023, 3, 1000),
(670000023, 200050, 2, 1000),
(670000023, 200123, 1, 1000),
(670000024, 400039, 2, 1000),
(670000024, 400002, 3, 1000),
(670000025, 400013, 3, 1000),
(670000025, 300005, 1, 1000),
(670000026, 100094, 2, 1000),
(670000026, 200018, 2, 1000),
(670000027, 100087, 1, 1000),
(670000027, 100027, 1, 1000),
(670000028, 400011, 3, 1000),
(670000028, 100022, 1, 1000),
(670000029, 300016, 3, 1000),
(670000029, 300001, 2, 1000),
(670000030, 400026, 1, 1000),
(670000030, 200040, 2, 1000),
(670000031, 300045, 2, 1000),
(670000031, 100096, 3, 1000),
(670000032, 200030, 3, 1000),
(670000032, 400032, 1, 1000),
(670000033, 400023, 2, 1000),
(670000033, 400025, 3, 1000),
(670000034, 100161, 1, 1000),
(670000034, 100132, 2, 1000),
(670000035, 200062, 3, 1000),
(670000035, 400034, 3, 1000),
(670000036, 400032, 3, 1000),
(670000036, 100211, 2, 1000),
(670000037, 400021, 2, 1000),
(670000037, 100248, 3, 1000),
(670000038, 100142, 1, 1000),
(670000038, 400014, 3, 1000),
(670000039, 100222, 2, 1000),
(670000039, 400015, 2, 1000),
(670000040, 200024, 1, 1000),
(670000040, 100125, 2, 1000),
(670000041, 200113, 3, 1000),
(670000041, 400001, 3, 1000),
(670000042, 100112, 1, 1000),
(670000042, 300040, 1, 1000),
(670000043, 300048, 3, 1000),
(670000043, 300028, 3, 1000),
(670000044, 200011, 3, 1000),
(670000044, 100149, 3, 1000),
(670000045, 200108, 2, 1000),
(670000045, 300029, 2, 1000),
(670000046, 200098, 3, 1000),
(670000046, 300019, 2, 1000),
(670000047, 400016, 2, 1000),
(670000047, 300036, 3, 1000),
(670000048, 100216, 1, 1000),
(670000048, 200042, 2, 1000),
(670000049, 300043, 1, 1000),
(670000049, 400011, 2, 1000),
(670000050, 400020, 1, 1000),
(670000050, 100184, 1, 1000),
(670000051, 100147, 2, 1000),
(670000051, 200142, 3, 1000),
(670000052, 400033, 1, 1000),
(670000052, 400016, 1, 1000),
(670000053, 400002, 1, 1000),
(670000053, 200127, 3, 1000),
(670000054, 100102, 2, 1000),
(670000054, 200057, 1, 1000),
(670000055, 100159, 3, 1000),
(670000055, 400005, 3, 1000),
(670000056, 400004, 1, 1000),
(670000056, 100037, 1, 1000),
(670000057, 400045, 3, 1000),
(670000057, 200138, 2, 1000),
(670000058, 200138, 2, 1000),
(670000058, 400041, 3, 1000),
(670000059, 100213, 2, 1000),
(670000059, 200111, 2, 1000),
(670000060, 300006, 2, 1000),
(670000060, 100039, 2, 1000),
(670000061, 300020, 1, 1000),
(670000061, 200020, 3, 1000),
(670000062, 200029, 2, 1000),
(670000062, 100238, 3, 1000),
(670000063, 300015, 2, 1000),
(670000063, 300024, 1, 1000),
(670000064, 300006, 1, 1000),
(670000064, 100233, 3, 1000),
(670000065, 200144, 2, 1000),
(670000065, 400030, 3, 1000),
(670000066, 400043, 1, 1000),
(670000066, 300015, 2, 1000),
(670000067, 300025, 1, 1000),
(670000067, 300042, 3, 1000),
(670000068, 200136, 1, 1000),
(670000068, 100012, 3, 1000),
(670000069, 400038, 2, 1000),
(670000069, 200114, 3, 1000),
(670000070, 300033, 1, 1000),
(670000070, 400009, 3, 1000),
(670000071, 200095, 1, 1000),
(670000071, 300030, 1, 1000),
(670000072, 200031, 1, 1000),
(670000072, 300016, 1, 1000),
(670000073, 300045, 2, 1000),
(670000073, 200027, 1, 1000),
(670000074, 200079, 3, 1000),
(670000074, 100200, 1, 1000),
(670000075, 400049, 3, 1000),
(670000075, 100071, 2, 1000),
(670000076, 100024, 1, 1000),
(670000076, 200060, 2, 1000),
(670000077, 300032, 1, 1000),
(670000077, 400024, 1, 1000),
(670000078, 300037, 1, 1000),
(670000078, 100207, 3, 1000),
(670000079, 400034, 1, 1000),
(670000079, 400041, 3, 1000),
(670000080, 300036, 3, 1000),
(670000080, 100175, 2, 1000),
(670000081, 300005, 1, 1000),
(670000081, 100117, 1, 1000),
(670000082, 400013, 2, 1000),
(670000082, 400014, 1, 1000),
(670000083, 400044, 2, 1000),
(670000083, 100019, 1, 1000),
(670000084, 400039, 1, 1000),
(670000084, 300001, 2, 1000),
(670000085, 200057, 3, 1000),
(670000085, 400041, 3, 1000),
(670000086, 100245, 2, 1000),
(670000086, 200058, 1, 1000),
(670000087, 300024, 3, 1000),
(670000087, 200033, 3, 1000),
(670000088, 200092, 3, 1000),
(670000088, 200140, 2, 1000),
(670000089, 100104, 2, 1000),
(670000089, 300027, 3, 1000),
(670000090, 300015, 1, 1000),
(670000090, 100025, 2, 1000),
(670000091, 400043, 2, 1000),
(670000091, 300034, 1, 1000),
(670000092, 200122, 2, 1000),
(670000092, 200092, 3, 1000),
(670000093, 200096, 1, 1000),
(670000093, 400011, 1, 1000),
(670000094, 400042, 1, 1000),
(670000094, 100150, 3, 1000),
(670000095, 200125, 3, 1000),
(670000095, 400033, 2, 1000),
(670000096, 200073, 3, 1000),
(670000096, 400043, 1, 1000),
(670000097, 400001, 1, 1000),
(670000097, 100137, 2, 1000),
(670000098, 300028, 2, 1000),
(670000098, 100090, 2, 1000),
(670000099, 200041, 2, 1000),
(670000099, 400024, 2, 1000),
(670000100, 100244, 1, 1000),
(670000100, 400019, 2, 1000),
(670000101, 100113, 3, 1000),
(670000101, 300024, 3, 1000),
(670000102, 300029, 3, 1000),
(670000102, 400005, 2, 1000),
(670000103, 400015, 1, 1000),
(670000103, 200139, 3, 1000),
(670000104, 100114, 3, 1000),
(670000104, 300047, 1, 1000),
(670000105, 100169, 1, 1000),
(670000105, 300030, 2, 1000),
(670000106, 300028, 2, 1000),
(670000106, 100126, 3, 1000),
(670000107, 100084, 2, 1000),
(670000107, 400044, 1, 1000),
(670000108, 100027, 1, 1000),
(670000108, 300037, 2, 1000),
(670000109, 400019, 1, 1000),
(670000109, 300012, 2, 1000),
(670000110, 300010, 1, 1000),
(670000110, 200100, 2, 1000),
(670000111, 400047, 1, 1000),
(670000111, 200066, 3, 1000),
(670000112, 100189, 1, 1000),
(670000112, 100032, 1, 1000),
(670000113, 200086, 1, 1000),
(670000113, 200061, 1, 1000),
(670000114, 100087, 3, 1000),
(670000114, 400024, 3, 1000),
(670000115, 400048, 3, 1000),
(670000115, 100109, 3, 1000),
(670000116, 100169, 1, 1000),
(670000116, 100176, 1, 1000),
(670000117, 100106, 1, 1000),
(670000117, 400035, 2, 1000),
(670000118, 300002, 2, 1000),
(670000118, 100167, 2, 1000),
(670000119, 300007, 3, 1000),
(670000119, 100020, 2, 1000),
(670000120, 400012, 3, 1000),
(670000120, 200143, 3, 1000),
(670000121, 300049, 1, 1000),
(670000121, 300041, 3, 1000),
(670000122, 200044, 3, 1000),
(670000122, 100120, 1, 1000),
(670000123, 100116, 1, 1000),
(670000123, 300002, 3, 1000),
(670000124, 400022, 1, 1000),
(670000124, 300041, 3, 1000),
(670000125, 300008, 1, 1000),
(670000125, 300004, 2, 1000),
(670000126, 100226, 1, 1000),
(670000126, 300019, 2, 1000),
(670000127, 400012, 2, 1000),
(670000127, 100215, 2, 1000),
(670000128, 400032, 3, 1000),
(670000128, 300023, 2, 1000),
(670000129, 400037, 2, 1000),
(670000129, 400008, 1, 1000),
(670000130, 300042, 1, 1000),
(670000130, 100114, 1, 1000),
(670000131, 300006, 3, 1000),
(670000131, 300014, 2, 1000),
(670000132, 200036, 2, 1000),
(670000132, 200006, 1, 1000),
(670000133, 100159, 2, 1000),
(670000133, 400002, 3, 1000),
(670000134, 300001, 2, 1000),
(670000134, 400038, 1, 1000),
(670000135, 400003, 1, 1000),
(670000135, 200116, 3, 1000),
(670000136, 200117, 3, 1000),
(670000136, 400030, 1, 1000),
(670000137, 400029, 3, 1000),
(670000137, 200026, 1, 1000),
(670000138, 400012, 3, 1000),
(670000138, 100187, 1, 1000),
(670000139, 200040, 3, 1000),
(670000139, 300015, 3, 1000),
(670000140, 400021, 3, 1000),
(670000140, 400025, 3, 1000),
(670000141, 300008, 1, 1000),
(670000141, 100069, 1, 1000),
(670000142, 300025, 1, 1000),
(670000142, 200117, 1, 1000),
(670000143, 100229, 3, 1000),
(670000143, 200059, 3, 1000),
(670000144, 200049, 2, 1000),
(670000144, 200096, 1, 1000),
(670000145, 200035, 3, 1000),
(670000145, 400023, 2, 1000),
(670000146, 200026, 3, 1000),
(670000146, 200071, 2, 1000),
(670000147, 400018, 1, 1000),
(670000147, 400044, 3, 1000),
(670000148, 100012, 3, 1000),
(670000148, 400033, 2, 1000),
(670000149, 300029, 1, 1000),
(670000149, 200079, 2, 1000),
(670000150, 300037, 2, 1000),
(670000150, 400011, 2, 1000),
(670000151, 300010, 3, 1000),
(670000151, 300008, 3, 1000),
(670000152, 200016, 2, 1000),
(670000152, 300031, 2, 1000),
(670000153, 400005, 2, 1000),
(670000153, 200046, 2, 1000),
(670000154, 400002, 1, 1000),
(670000154, 400034, 2, 1000),
(670000155, 200090, 1, 1000),
(670000155, 200035, 1, 1000),
(670000156, 100193, 1, 1000),
(670000156, 300050, 2, 1000),
(670000157, 100038, 1, 1000),
(670000157, 300012, 1, 1000),
(670000158, 200065, 1, 1000),
(670000158, 300033, 3, 1000),
(670000159, 300042, 2, 1000),
(670000159, 300050, 1, 1000),
(670000160, 100015, 1, 1000),
(670000160, 200046, 1, 1000),
(670000161, 200064, 2, 1000),
(670000161, 400015, 1, 1000),
(670000162, 200043, 2, 1000),
(670000162, 300046, 2, 1000),
(670000163, 200047, 2, 1000),
(670000163, 100100, 3, 1000),
(670000164, 200081, 1, 1000),
(670000164, 400034, 1, 1000),
(670000165, 100051, 1, 1000),
(670000165, 400030, 3, 1000),
(670000166, 100235, 2, 1000),
(670000166, 400027, 3, 1000),
(670000167, 100099, 1, 1000),
(670000167, 200049, 2, 1000),
(670000168, 300048, 2, 1000),
(670000168, 100231, 2, 1000),
(670000169, 100115, 3, 1000),
(670000169, 200034, 2, 1000),
(670000170, 200017, 1, 1000),
(670000170, 200144, 3, 1000),
(670000171, 300013, 2, 1000),
(670000171, 300029, 3, 1000),
(670000172, 300022, 1, 1000),
(670000172, 200083, 2, 1000),
(670000173, 100201, 3, 1000),
(670000173, 300037, 3, 1000),
(670000174, 200128, 3, 1000),
(670000174, 300022, 1, 1000),
(670000175, 300037, 3, 1000),
(670000175, 300001, 2, 1000),
(670000176, 100096, 3, 1000),
(670000176, 400040, 3, 1000),
(670000177, 100172, 2, 1000),
(670000177, 100149, 1, 1000),
(670000178, 200024, 3, 1000),
(670000178, 100096, 1, 1000),
(670000179, 400047, 3, 1000),
(670000179, 200001, 3, 1000),
(670000180, 400017, 3, 1000),
(670000180, 100133, 3, 1000),
(670000181, 300029, 3, 1000),
(670000181, 200041, 1, 1000),
(670000182, 300021, 1, 1000),
(670000182, 300049, 2, 1000),
(670000183, 300020, 2, 1000),
(670000183, 400039, 1, 1000),
(670000184, 100132, 2, 1000),
(670000184, 200119, 1, 1000),
(670000185, 200138, 1, 1000),
(670000185, 100018, 3, 1000),
(670000186, 300050, 2, 1000),
(670000186, 100068, 1, 1000),
(670000187, 300020, 1, 1000),
(670000187, 100121, 3, 1000),
(670000188, 100105, 1, 1000),
(670000188, 400015, 3, 1000),
(670000189, 100090, 1, 1000),
(670000189, 400016, 1, 1000),
(670000190, 300007, 1, 1000),
(670000190, 300002, 1, 1000),
(670000191, 200089, 1, 1000),
(670000191, 100154, 3, 1000),
(670000192, 200116, 2, 1000),
(670000192, 300026, 3, 1000),
(670000193, 400035, 3, 1000),
(670000193, 300002, 3, 1000),
(670000194, 400012, 3, 1000),
(670000194, 400037, 2, 1000),
(670000195, 100043, 2, 1000),
(670000195, 200054, 1, 1000),
(670000196, 100073, 1, 1000),
(670000196, 100177, 1, 1000),
(670000197, 300037, 3, 1000),
(670000197, 400022, 2, 1000),
(670000198, 100115, 2, 1000),
(670000198, 200055, 2, 1000),
(670000199, 200066, 1, 1000),
(670000199, 400033, 2, 1000),
(670000200, 400003, 1, 1000),
(670000200, 400021, 3, 1000),
(670000201, 300043, 1, 1000),
(670000201, 300005, 1, 1000),
(670000202, 200029, 3, 1000),
(670000202, 100221, 1, 1000),
(670000203, 400015, 3, 1000),
(670000203, 100201, 1, 1000),
(670000204, 400032, 2, 1000),
(670000204, 300041, 2, 1000),
(670000205, 400038, 3, 1000),
(670000205, 300015, 3, 1000),
(670000206, 400013, 2, 1000),
(670000206, 100114, 1, 1000),
(670000207, 300003, 2, 1000),
(670000207, 300005, 1, 1000),
(670000208, 400046, 2, 1000),
(670000208, 300007, 2, 1000),
(670000209, 300004, 1, 1000),
(670000209, 400020, 1, 1000),
(670000210, 100013, 2, 1000),
(670000210, 300019, 2, 1000),
(670000211, 100050, 2, 1000),
(670000211, 100124, 1, 1000),
(670000212, 400017, 2, 1000),
(670000212, 300039, 1, 1000),
(670000213, 400003, 3, 1000),
(670000213, 200144, 2, 1000),
(670000214, 100094, 3, 1000),
(670000214, 300001, 2, 1000),
(670000215, 300023, 2, 1000),
(670000215, 400023, 2, 1000),
(670000216, 300025, 3, 1000),
(670000216, 300018, 3, 1000),
(670000217, 100069, 2, 1000),
(670000217, 300010, 1, 1000),
(670000218, 200089, 1, 1000),
(670000218, 200126, 3, 1000),
(670000219, 100010, 3, 1000),
(670000219, 400003, 3, 1000),
(670000220, 200073, 2, 1000),
(670000220, 300050, 1, 1000),
(670000221, 100229, 3, 1000),
(670000221, 300040, 2, 1000),
(670000222, 100069, 1, 1000),
(670000222, 100045, 3, 1000),
(670000223, 200088, 2, 1000),
(670000223, 300015, 3, 1000),
(670000224, 300034, 1, 1000),
(670000224, 100158, 2, 1000),
(670000225, 400023, 2, 1000),
(670000225, 400048, 2, 1000),
(670000226, 200112, 2, 1000),
(670000226, 400018, 2, 1000),
(670000227, 400014, 1, 1000),
(670000227, 400044, 1, 1000),
(670000228, 400031, 1, 1000),
(670000228, 200024, 2, 1000),
(670000229, 200080, 1, 1000),
(670000229, 100004, 3, 1000),
(670000230, 400002, 2, 1000),
(670000230, 200144, 3, 1000),
(670000231, 400027, 2, 1000),
(670000231, 200110, 3, 1000),
(670000232, 100052, 2, 1000),
(670000232, 400037, 1, 1000),
(670000233, 100249, 1, 1000),
(670000233, 400003, 3, 1000),
(670000234, 100125, 3, 1000),
(670000234, 300050, 1, 1000),
(670000235, 200045, 1, 1000),
(670000235, 100058, 2, 1000),
(670000236, 200138, 2, 1000),
(670000236, 300043, 1, 1000),
(670000237, 200088, 1, 1000),
(670000237, 100066, 3, 1000),
(670000238, 400039, 1, 1000),
(670000238, 100019, 3, 1000),
(670000239, 300023, 3, 1000),
(670000239, 200052, 2, 1000),
(670000240, 300021, 1, 1000),
(670000240, 100199, 1, 1000),
(670000241, 200110, 2, 1000),
(670000241, 400020, 2, 1000),
(670000242, 200087, 2, 1000),
(670000242, 400045, 2, 1000),
(670000243, 100023, 1, 1000),
(670000243, 100039, 1, 1000),
(670000244, 400004, 2, 1000),
(670000244, 300023, 3, 1000),
(670000245, 300045, 3, 1000),
(670000245, 400021, 3, 1000),
(670000246, 200049, 2, 1000),
(670000246, 200137, 3, 1000),
(670000247, 400025, 3, 1000),
(670000247, 200111, 2, 1000),
(670000248, 200063, 3, 1000),
(670000248, 200072, 3, 1000),
(670000249, 300047, 3, 1000),
(670000249, 200039, 1, 1000),
(670000250, 300002, 3, 1000),
(670000250, 200132, 3, 1000),
(670000251, 100230, 1, 1000),
(670000251, 100153, 2, 1000),
(670000252, 200045, 3, 1000),
(670000252, 200068, 3, 1000),
(670000253, 100002, 2, 1000),
(670000253, 300010, 1, 1000),
(670000254, 100089, 1, 1000),
(670000254, 200126, 1, 1000),
(670000255, 300046, 2, 1000),
(670000255, 300016, 1, 1000),
(670000256, 300023, 1, 1000),
(670000256, 400031, 1, 1000),
(670000257, 300034, 3, 1000),
(670000257, 300034, 2, 1000),
(670000258, 200136, 2, 1000),
(670000258, 200127, 3, 1000),
(670000259, 200078, 1, 1000),
(670000259, 100237, 3, 1000),
(670000260, 300010, 2, 1000),
(670000260, 100088, 3, 1000),
(670000261, 100218, 1, 1000),
(670000261, 100148, 3, 1000),
(670000262, 400049, 3, 1000),
(670000262, 100011, 2, 1000),
(670000263, 200139, 1, 1000),
(670000263, 200049, 3, 1000),
(670000264, 200087, 1, 1000),
(670000264, 100138, 1, 1000),
(670000265, 100160, 3, 1000),
(670000265, 400032, 2, 1000),
(670000266, 200137, 2, 1000),
(670000266, 300005, 2, 1000),
(670000267, 300010, 1, 1000),
(670000267, 200049, 1, 1000),
(670000268, 400014, 1, 1000),
(670000268, 300016, 1, 1000),
(670000269, 100174, 3, 1000),
(670000269, 400047, 3, 1000),
(670000270, 300029, 3, 1000),
(670000270, 200149, 2, 1000),
(670000271, 400013, 2, 1000),
(670000271, 200046, 1, 1000),
(670000272, 100090, 3, 1000),
(670000272, 400032, 3, 1000),
(670000273, 200077, 1, 1000),
(670000273, 400015, 3, 1000),
(670000274, 100058, 3, 1000),
(670000274, 400050, 3, 1000),
(670000275, 300047, 2, 1000),
(670000275, 300018, 3, 1000),
(670000276, 300029, 1, 1000),
(670000276, 100093, 1, 1000),
(670000277, 400040, 2, 1000),
(670000277, 100190, 3, 1000),
(670000278, 400028, 2, 1000),
(670000278, 100218, 2, 1000),
(670000279, 200018, 2, 1000),
(670000279, 100010, 3, 1000),
(670000280, 400041, 3, 1000),
(670000280, 400027, 3, 1000),
(670000281, 200061, 2, 1000),
(670000281, 100206, 2, 1000),
(670000282, 100025, 2, 1000),
(670000282, 200077, 2, 1000),
(670000283, 400027, 1, 1000),
(670000283, 400036, 2, 1000),
(670000284, 100049, 1, 1000),
(670000284, 300038, 1, 1000),
(670000285, 400003, 3, 1000),
(670000285, 400016, 2, 1000),
(670000286, 400037, 2, 1000),
(670000286, 400004, 2, 1000),
(670000287, 300014, 1, 1000),
(670000287, 400022, 2, 1000),
(670000288, 100154, 1, 1000),
(670000288, 300004, 3, 1000),
(670000289, 100244, 1, 1000),
(670000289, 100178, 3, 1000),
(670000290, 200022, 2, 1000),
(670000290, 400024, 3, 1000),
(670000291, 300020, 2, 1000),
(670000291, 200022, 1, 1000),
(670000292, 400001, 3, 1000),
(670000292, 300028, 3, 1000),
(670000293, 400044, 2, 1000),
(670000293, 300020, 2, 1000),
(670000294, 400023, 2, 1000),
(670000294, 200127, 2, 1000),
(670000295, 200091, 1, 1000),
(670000295, 400041, 2, 1000),
(670000296, 400016, 3, 1000),
(670000296, 400022, 2, 1000),
(670000297, 100158, 1, 1000),
(670000297, 300050, 1, 1000),
(670000298, 400020, 2, 1000),
(670000298, 300047, 1, 1000),
(670000299, 400040, 2, 1000),
(670000299, 300039, 3, 1000),
(670000300, 200100, 1, 1000),
(670000300, 200051, 3, 1000),
(670000301, 100046, 1, 1000),
(670000301, 400003, 3, 1000),
(670000302, 100082, 1, 1000),
(670000302, 400010, 2, 1000),
(670000303, 300046, 3, 1000),
(670000303, 100122, 2, 1000),
(670000304, 100169, 2, 1000),
(670000304, 200066, 2, 1000),
(670000305, 400024, 1, 1000),
(670000305, 100098, 2, 1000),
(670000306, 400014, 2, 1000),
(670000306, 200099, 3, 1000),
(670000307, 100243, 3, 1000),
(670000307, 300040, 2, 1000),
(670000308, 200046, 2, 1000),
(670000308, 300028, 1, 1000),
(670000309, 200112, 2, 1000),
(670000309, 200021, 2, 1000),
(670000310, 200092, 2, 1000),
(670000310, 100182, 2, 1000),
(670000311, 200060, 1, 1000),
(670000311, 100144, 2, 1000),
(670000312, 300047, 2, 1000),
(670000312, 400037, 2, 1000),
(670000313, 200139, 2, 1000),
(670000313, 300023, 1, 1000),
(670000314, 200144, 3, 1000),
(670000314, 300032, 3, 1000),
(670000315, 400035, 2, 1000),
(670000315, 300022, 2, 1000),
(670000316, 400002, 2, 1000),
(670000316, 200134, 2, 1000),
(670000317, 300004, 2, 1000),
(670000317, 300021, 3, 1000),
(670000318, 200009, 1, 1000),
(670000318, 400031, 3, 1000),
(670000319, 300019, 2, 1000),
(670000319, 100052, 2, 1000),
(670000320, 300001, 2, 1000),
(670000320, 400020, 1, 1000),
(670000321, 100079, 3, 1000),
(670000321, 400031, 3, 1000),
(670000322, 400030, 3, 1000),
(670000322, 100042, 2, 1000),
(670000323, 200099, 3, 1000),
(670000323, 400002, 1, 1000),
(670000324, 300038, 3, 1000),
(670000324, 400029, 3, 1000),
(670000325, 300036, 3, 1000),
(670000325, 400029, 2, 1000),
(670000326, 400031, 1, 1000),
(670000326, 100220, 1, 1000),
(670000327, 400024, 1, 1000),
(670000327, 200003, 2, 1000),
(670000328, 400016, 3, 1000),
(670000328, 300021, 2, 1000),
(670000329, 400028, 1, 1000),
(670000329, 100116, 3, 1000),
(670000330, 400023, 1, 1000),
(670000330, 200111, 1, 1000),
(670000331, 100145, 1, 1000),
(670000331, 400002, 1, 1000),
(670000332, 400039, 3, 1000),
(670000332, 100117, 2, 1000),
(670000333, 200004, 3, 1000),
(670000333, 300020, 1, 1000),
(670000334, 400045, 1, 1000),
(670000334, 400004, 3, 1000),
(670000335, 200143, 1, 1000),
(670000335, 300045, 2, 1000),
(670000336, 400036, 2, 1000),
(670000336, 400001, 3, 1000),
(670000337, 200118, 2, 1000),
(670000337, 200052, 2, 1000),
(670000338, 100102, 1, 1000),
(670000338, 400005, 1, 1000),
(670000339, 100006, 2, 1000),
(670000339, 200145, 3, 1000),
(670000340, 300036, 2, 1000),
(670000340, 200113, 3, 1000),
(670000341, 100015, 3, 1000),
(670000341, 400045, 3, 1000),
(670000342, 300013, 1, 1000),
(670000342, 100156, 3, 1000),
(670000343, 400003, 2, 1000),
(670000343, 400008, 1, 1000),
(670000344, 400045, 1, 1000),
(670000344, 100038, 2, 1000),
(670000345, 200093, 2, 1000),
(670000345, 400048, 2, 1000),
(670000346, 300042, 2, 1000),
(670000346, 200115, 3, 1000),
(670000347, 200001, 1, 1000),
(670000347, 300010, 2, 1000),
(670000348, 200035, 3, 1000),
(670000348, 400035, 2, 1000),
(670000349, 100113, 3, 1000),
(670000349, 200049, 1, 1000),
(670000350, 300025, 3, 1000),
(670000350, 100167, 2, 1000),
(670000351, 100020, 1, 1000),
(670000351, 300043, 3, 1000),
(670000352, 400017, 2, 1000),
(670000352, 400045, 2, 1000),
(670000353, 300041, 2, 1000),
(670000353, 300050, 1, 1000),
(670000354, 200013, 3, 1000),
(670000354, 400018, 1, 1000),
(670000355, 400035, 1, 1000),
(670000355, 300038, 1, 1000),
(670000356, 300038, 2, 1000),
(670000356, 100031, 2, 1000),
(670000357, 300035, 1, 1000),
(670000357, 200149, 2, 1000),
(670000358, 100115, 3, 1000),
(670000358, 300024, 2, 1000),
(670000359, 100188, 1, 1000),
(670000359, 300001, 1, 1000),
(670000360, 400025, 1, 1000),
(670000360, 400029, 1, 1000),
(670000361, 300034, 3, 1000),
(670000361, 200145, 1, 1000),
(670000362, 100090, 3, 1000),
(670000362, 100193, 2, 1000),
(670000363, 400049, 2, 1000),
(670000363, 200124, 3, 1000),
(670000364, 100197, 2, 1000),
(670000364, 400033, 3, 1000),
(670000365, 200033, 2, 1000),
(670000365, 200029, 3, 1000),
(670000366, 200122, 1, 1000),
(670000366, 400031, 1, 1000),
(670000367, 400042, 2, 1000),
(670000367, 300041, 2, 1000),
(670000368, 400045, 2, 1000),
(670000368, 300038, 2, 1000),
(670000369, 300015, 2, 1000),
(670000369, 200054, 3, 1000),
(670000370, 300003, 1, 1000),
(670000370, 100052, 2, 1000),
(670000371, 300042, 1, 1000),
(670000371, 200117, 1, 1000),
(670000372, 100160, 2, 1000),
(670000372, 200066, 2, 1000),
(670000373, 200082, 1, 1000),
(670000373, 400023, 1, 1000),
(670000374, 400047, 3, 1000),
(670000374, 200058, 3, 1000),
(670000375, 200139, 3, 1000),
(670000375, 400017, 1, 1000),
(670000376, 300009, 2, 1000),
(670000376, 100107, 1, 1000),
(670000377, 200087, 3, 1000),
(670000377, 200147, 2, 1000),
(670000378, 100214, 2, 1000),
(670000378, 400009, 2, 1000),
(670000379, 400010, 1, 1000),
(670000379, 100249, 1, 1000),
(670000380, 300029, 3, 1000),
(670000380, 200092, 2, 1000),
(670000381, 400033, 3, 1000),
(670000381, 200115, 3, 1000),
(670000382, 300029, 1, 1000),
(670000382, 100129, 1, 1000),
(670000383, 300049, 1, 1000),
(670000383, 400048, 2, 1000),
(670000384, 200054, 1, 1000),
(670000384, 200034, 1, 1000),
(670000385, 400020, 2, 1000),
(670000385, 200021, 1, 1000),
(670000386, 200011, 1, 1000),
(670000386, 200027, 1, 1000),
(670000387, 100019, 1, 1000),
(670000387, 200120, 3, 1000),
(670000388, 400005, 1, 1000),
(670000388, 200008, 3, 1000),
(670000389, 200082, 1, 1000),
(670000389, 300034, 3, 1000),
(670000390, 200078, 2, 1000),
(670000390, 200099, 1, 1000),
(670000391, 200127, 1, 1000),
(670000391, 100006, 1, 1000),
(670000392, 400026, 2, 1000),
(670000392, 100175, 2, 1000),
(670000393, 400028, 1, 1000),
(670000393, 300026, 3, 1000),
(670000394, 200066, 1, 1000),
(670000394, 300010, 3, 1000),
(670000395, 200064, 2, 1000),
(670000395, 100021, 1, 1000),
(670000396, 300016, 2, 1000),
(670000396, 100079, 3, 1000),
(670000397, 100226, 1, 1000),
(670000397, 200059, 1, 1000),
(670000398, 300007, 1, 1000),
(670000398, 200037, 2, 1000),
(670000399, 200045, 2, 1000),
(670000399, 200051, 3, 1000),
(670000400, 300040, 2, 1000),
(670000400, 300037, 1, 1000),
(670000401, 200129, 3, 1000),
(670000401, 100094, 3, 1000),
(670000402, 200120, 1, 1000),
(670000402, 200135, 1, 1000),
(670000403, 400004, 3, 1000),
(670000403, 200130, 1, 1000),
(670000404, 300035, 3, 1000),
(670000404, 300006, 3, 1000),
(670000405, 400043, 2, 1000),
(670000405, 300042, 3, 1000),
(670000406, 300025, 3, 1000),
(670000406, 200139, 2, 1000),
(670000407, 300023, 3, 1000),
(670000407, 200103, 1, 1000),
(670000408, 200080, 1, 1000),
(670000408, 100061, 2, 1000),
(670000409, 200005, 2, 1000),
(670000409, 200072, 3, 1000),
(670000410, 300044, 2, 1000),
(670000410, 400035, 3, 1000),
(670000411, 200030, 3, 1000),
(670000411, 400015, 3, 1000),
(670000412, 100086, 3, 1000),
(670000412, 300045, 2, 1000),
(670000413, 200073, 2, 1000),
(670000413, 300050, 3, 1000),
(670000414, 100039, 1, 1000),
(670000414, 200128, 2, 1000),
(670000415, 300003, 3, 1000),
(670000415, 200042, 2, 1000),
(670000416, 100118, 3, 1000),
(670000416, 100042, 3, 1000),
(670000417, 300045, 3, 1000),
(670000417, 400011, 2, 1000),
(670000418, 400028, 1, 1000),
(670000418, 200075, 2, 1000),
(670000419, 200109, 1, 1000),
(670000419, 200038, 1, 1000),
(670000420, 200019, 3, 1000),
(670000420, 300019, 3, 1000),
(670000421, 400001, 1, 1000),
(670000421, 400026, 1, 1000),
(670000422, 100065, 3, 1000),
(670000422, 100175, 1, 1000),
(670000423, 400019, 3, 1000),
(670000423, 300002, 3, 1000),
(670000424, 400033, 2, 1000),
(670000424, 200147, 1, 1000),
(670000425, 300002, 1, 1000),
(670000425, 200015, 2, 1000),
(670000426, 400005, 1, 1000),
(670000426, 400013, 3, 1000),
(670000427, 100059, 2, 1000),
(670000427, 400032, 1, 1000),
(670000428, 400043, 2, 1000),
(670000428, 100250, 3, 1000),
(670000429, 300027, 2, 1000),
(670000429, 200103, 1, 1000),
(670000430, 400045, 3, 1000),
(670000430, 300037, 1, 1000),
(670000431, 300001, 3, 1000),
(670000431, 100214, 3, 1000),
(670000432, 400017, 1, 1000),
(670000432, 300026, 2, 1000),
(670000433, 300008, 2, 1000),
(670000433, 300030, 2, 1000),
(670000434, 300045, 1, 1000),
(670000434, 100166, 2, 1000),
(670000435, 200078, 1, 1000),
(670000435, 200106, 1, 1000),
(670000436, 400023, 2, 1000),
(670000436, 400024, 1, 1000),
(670000437, 100177, 1, 1000),
(670000437, 400012, 2, 1000),
(670000438, 300031, 3, 1000),
(670000438, 300014, 3, 1000),
(670000439, 100166, 2, 1000),
(670000439, 400041, 2, 1000),
(670000440, 400027, 3, 1000),
(670000440, 200101, 2, 1000),
(670000441, 100103, 2, 1000),
(670000441, 300001, 3, 1000),
(670000442, 200025, 2, 1000),
(670000442, 400013, 1, 1000),
(670000443, 200066, 2, 1000),
(670000443, 400022, 2, 1000),
(670000444, 200136, 1, 1000),
(670000444, 400004, 3, 1000),
(670000445, 400032, 2, 1000),
(670000445, 200080, 3, 1000),
(670000446, 200049, 1, 1000),
(670000446, 100206, 3, 1000),
(670000447, 200098, 1, 1000),
(670000447, 300048, 1, 1000),
(670000448, 300005, 1, 1000),
(670000448, 400038, 3, 1000),
(670000449, 200022, 2, 1000),
(670000449, 400049, 3, 1000),
(670000450, 400019, 3, 1000),
(670000450, 200047, 3, 1000),
(670000451, 200136, 1, 1000),
(670000451, 400041, 1, 1000),
(670000452, 400041, 1, 1000),
(670000452, 400019, 3, 1000),
(670000453, 200117, 2, 1000),
(670000453, 300014, 2, 1000),
(670000454, 200086, 2, 1000),
(670000454, 400030, 2, 1000),
(670000455, 100020, 1, 1000),
(670000455, 200032, 3, 1000),
(670000456, 400019, 2, 1000),
(670000456, 300033, 3, 1000),
(670000457, 400031, 2, 1000),
(670000457, 300022, 2, 1000),
(670000458, 200070, 1, 1000),
(670000458, 300024, 3, 1000),
(670000459, 300009, 3, 1000),
(670000459, 100138, 1, 1000),
(670000460, 300044, 2, 1000),
(670000460, 200027, 1, 1000),
(670000461, 100020, 2, 1000),
(670000461, 200046, 2, 1000),
(670000462, 200030, 2, 1000),
(670000462, 400007, 2, 1000),
(670000463, 100226, 3, 1000),
(670000463, 300033, 1, 1000),
(670000464, 100033, 3, 1000),
(670000464, 100117, 2, 1000),
(670000465, 100020, 3, 1000),
(670000465, 400034, 1, 1000),
(670000466, 200055, 2, 1000),
(670000466, 400008, 3, 1000),
(670000467, 400009, 1, 1000),
(670000467, 200027, 1, 1000),
(670000468, 300026, 2, 1000),
(670000468, 400035, 3, 1000),
(670000469, 300007, 3, 1000),
(670000469, 100184, 2, 1000),
(670000470, 300028, 3, 1000),
(670000470, 400027, 3, 1000),
(670000471, 400008, 3, 1000),
(670000471, 200004, 1, 1000),
(670000472, 300005, 3, 1000),
(670000472, 400014, 3, 1000),
(670000473, 200095, 3, 1000),
(670000473, 200128, 1, 1000),
(670000474, 200097, 3, 1000),
(670000474, 100193, 3, 1000),
(670000475, 400007, 2, 1000),
(670000475, 100001, 2, 1000),
(670000476, 100073, 3, 1000),
(670000476, 300024, 2, 1000),
(670000477, 200049, 3, 1000),
(670000477, 300042, 3, 1000),
(670000478, 100111, 2, 1000),
(670000478, 300043, 2, 1000),
(670000479, 100165, 3, 1000),
(670000479, 400008, 3, 1000),
(670000480, 400045, 3, 1000),
(670000480, 400004, 1, 1000),
(670000481, 300029, 2, 1000),
(670000481, 300034, 2, 1000),
(670000482, 200117, 3, 1000),
(670000482, 300010, 3, 1000),
(670000483, 300014, 1, 1000),
(670000483, 400038, 3, 1000),
(670000484, 300049, 2, 1000),
(670000484, 200134, 1, 1000),
(670000485, 400035, 3, 1000),
(670000485, 300023, 2, 1000),
(670000486, 200004, 1, 1000),
(670000486, 300022, 3, 1000),
(670000487, 100067, 1, 1000),
(670000487, 300047, 3, 1000),
(670000488, 200041, 3, 1000),
(670000488, 200003, 2, 1000),
(670000489, 200140, 2, 1000),
(670000489, 300045, 1, 1000),
(670000490, 200135, 1, 1000),
(670000490, 200099, 2, 1000),
(670000491, 400029, 3, 1000),
(670000491, 400034, 2, 1000),
(670000492, 100181, 2, 1000),
(670000492, 200104, 3, 1000),
(670000493, 400050, 2, 1000),
(670000493, 100182, 3, 1000),
(670000494, 200019, 1, 1000),
(670000494, 400006, 3, 1000),
(670000495, 300044, 2, 1000),
(670000495, 400019, 3, 1000),
(670000496, 400004, 1, 1000),
(670000496, 200097, 3, 1000),
(670000497, 400015, 2, 1000),
(670000497, 300029, 2, 1000),
(670000498, 400028, 3, 1000),
(670000498, 300022, 2, 1000),
(670000499, 400015, 2, 1000),
(670000499, 100082, 2, 1000),
(670000500, 400028, 3, 1000),
(670000500, 100117, 3, 1000);
